@inproceedings{ Cabeza97,
        Author          = {D. Cabeza and M. Hermenegildo},
        Title                   = {WWW Programming using Computational Logic Sys
tems (and the PiLLoW/Ciao Library)},
        Booktitle               = {Proceedings of the Workshop on Logic Programm
ing and the WWW at WWW6},
        Month                   = {April},
        Year                    = {1997},
        Url                     = {http://www.clip.dia.fi.upm.es/~clip/papers/pi
llow-www6.ps.gz}
}

@manual{			sicstus,
	Key			= {SICStus 3.11.1},
	Title			= {SICStus 3.11.1. User Manual},
	Institution	= {Swedish Institute of Computer Scienc},
	Month			= {February},
	Year			= {2004},
	Note			= {http://www.sics.se/isl/sicstus.html},
	Url			= {http://www.sics.se/isl/sicstus.html}
}

@manual{			yap,
	Key		 	= {Yap 4.5.2},
	Author		= {V{\'\i}tor Santos Costa and Lu{\'\i}s Damas and
Rog{\'e}rio Reis and R{\'u}ben Azevedo},
	Title		 	= {Yap 4.5.2. User's Manual},
	Month			= {March},
	Year			= {2004},
	Note			= {https://sourceforge.net/projects/yap/},
	Url			= {https://sourceforge.net/projects/yap/}
}

@manual{                        swi,
        Author          = {Jan Wielemaker},
        Key                     = {SWI 5.2.13}, 
        Title                   = {SWI-Prolog 5.2.13. User Manual},
		Year					= {2004}
}
